<?xml version = "1.0" encoding = "UTF-8"?><OAI-PMH xmlns="http://www.openarchives.org/OAI/2.0/" xmlns:xsi="http://www.w3.org/2001/XMLSchema-instance" xsi:schemaLocation="http://www.openarchives.org/OAI/2.0/ http://www.openarchives.org/OAI/2.0/OAI-PMH.xsd"><ListRecords><record><header><identifier>aleph-publish:036731400</identifier></header><metadata><record xmlns="http://www.ddb.de/professionell/mabxml/mabxml-1.xsd"><leader>------M2.01200024------h</leader><controlfield tag="LDR">------M2.01200024------h</controlfield><controlfield tag="FMT">MH</controlfield><datafield tag="001" ind1="-" ind2="1"><subfield code="a">HT020538356</subfield></datafield><datafield tag="002" ind1="a" ind2="1"><subfield code="a">20200728</subfield></datafield><datafield tag="003" ind1="-" ind2="1"><subfield code="a">20200728</subfield></datafield><datafield tag="026" ind1="-" ind2="1"><subfield code="a">HBZHT020538356</subfield></datafield><controlfield tag="030">a|zur||||||17</controlfield><datafield tag="036" ind1="a" ind2="1"><subfield code="a">RU</subfield></datafield><datafield tag="037" ind1="b" ind2="1"><subfield code="a">rus</subfield></datafield><controlfield tag="050">a|||||||||||||</controlfield><controlfield tag="051">m|||||||</controlfield><datafield tag="060" ind1="-" ind2="1"><subfield code="b">txt</subfield><subfield code="a">Text</subfield></datafield><datafield tag="061" ind1="-" ind2="1"><subfield code="b">n</subfield><subfield code="a">ohne Hilfsmittel zu benutzen</subfield></datafield><datafield tag="062" ind1="-" ind2="1"><subfield code="b">nc</subfield><subfield code="a">Band</subfield></datafield><datafield tag="070" ind1="-" ind2="1"><subfield code="a">38</subfield></datafield><datafield tag="070" ind1="b" ind2="1"><subfield code="a">38/418</subfield></datafield><datafield tag="080" ind1="-" ind2="1"><subfield code="a">60</subfield></datafield><datafield tag="100" ind1="-" ind2="1"><subfield code="p">Korneeva, Ljudmila</subfield><subfield code="9">(DE-588)1089685173</subfield></datafield><datafield tag="101" ind1="-" ind2="1"><subfield code="p">Korneeva, Ljudmila Nikolaevna</subfield></datafield><datafield tag="331" ind1="-" ind2="1"><subfield code="a">Krymskie sonety</subfield></datafield><datafield tag="335" ind1="-" ind2="1"><subfield code="a">kak geopoėtičeskij fenomen, iz opyta meblennogo čmenuja</subfield></datafield><datafield tag="359" ind1="-" ind2="1"><subfield code="a">Ljudmila Korneeva</subfield></datafield><datafield tag="419" ind1="-" ind2="1"><subfield code="a">Moskva</subfield><subfield code="b">Centr gumanitarnych iniciativ</subfield><subfield code="c">2099</subfield></datafield><datafield tag="425" ind1="a" ind2="1"><subfield code="a">2019</subfield></datafield><datafield tag="433" ind1="-" ind2="1"><subfield code="a">412 Seiten</subfield></datafield><datafield tag="434" ind1="-" ind2="1"><subfield code="a">Illustrationen</subfield></datafield><datafield tag="516" ind1="a" ind2="1"><subfield code="a">In russischer Sprache</subfield></datafield><datafield tag="516" ind1="b" ind2="1"><subfield code="a">In kyrillischer Schrift</subfield></datafield><datafield tag="540" ind1="a" ind2="1"><subfield code="a">978-5-98712-919-7</subfield></datafield><datafield tag="655" ind1="e" ind2="1"><subfield code="m">V:DE-605;X:Imageware</subfield><subfield code="q">application/pdf</subfield><subfield code="u">http://digitale-objekte.hbz-nrw.de/storage2/2020/08/03/file_10/8898338.pdf</subfield><subfield code="3">Inhaltsverzeichnis</subfield><subfield code="A">2</subfield></datafield><controlfield tag="SYS">036731400</controlfield><datafield tag="LOW" ind1="-" ind2="1"><subfield code="a">K1117</subfield></datafield><datafield tag="088" ind1=" " ind2=" "><subfield code="a">38/418</subfield><subfield code="b">00015001</subfield><subfield code="c">SLAV/B2216/2.38</subfield><subfield code="e">ILL Ausleihe</subfield></datafield></record></metadata></record></ListRecords></OAI-PMH>